@misc{PDG,
  note = {M. Tanabashi et al. (Particle Data Group), Phys. Rev. D 98, 030001 (2018) and 2019 update},
  }
  
@article{planck,
    author = "Aghanim, N. et al.",
    archivePrefix = "arXiv",
    collaboration = "Planck",
    eprint = "1807.06209",
    month = "7",
    primaryClass = "astro-ph.CO",
    title = "{Planck 2018 results. VI. Cosmological parameters}",
    year = "2018"
}

@article{feng,
    author = "Feng, J. L.",
    title   = {Dark Matter Candidates from Particle Physics and Methods of Detection},
    journal = {Annual Review of Astronomy and Astrophysics},
    year = 2010,
    number  = 48,
    volume  = 1,
    pages = {495-545},
    doi = {10.1146/annurev-astro-082708-101659}
}

@article{Schumann_2019,
	doi = {10.1088/1361-6471/ab2ea5},
	url = {https://doi.org/10.1088%2F1361-6471%2Fab2ea5},
	year = 2019,
	month = {aug},
	publisher = {{IOP} Publishing},
	volume = {46},
	number = {10},
	pages = {103003},
	author = {Marc Schumann},
	title = {Direct detection of {WIMP} dark matter: concepts and status},
	journal = {Journal of Physics G: Nuclear and Particle Physics},
	abstract = {The existence of dark matter as evidenced by numerous indirect observations is one of the most important indications that there must be physics beyond the Standard Model of particle physics. This article reviews the concepts of direct detection of dark matter in the form of Weakly Interacting Massive Particles in ultra-sensitive detectors located in underground laboratories, discusses the expected signatures, detector concepts, and how the stringent low-background requirements are achieved. Finally, it summarizes the current status of the field and provides an outlook on the years to come.}
}

@article{2015gya,
    author = "Marrodan Undagoitia, Teresa and Rauch, Ludwig",
    archivePrefix = "arXiv",
    doi = "10.1088/0954-3899/43/1/013001",
    eprint = "1509.08767",
    journal = "J.\ Phys.\ G",
    number = "1",
    pages = "013001",
    primaryClass = "physics.ins-det",
    title = "{Dark matter direct-detection experiments}",
    volume = "43",
    year = "2016"
}

@article{CIRELLI_2012,
   title={Indirect searches for dark matter},
   volume={79},
   ISSN={0973-7111},
   url={http://dx.doi.org/10.1007/s12043-012-0419-x},
   DOI={10.1007/s12043-012-0419-x},
   number={5},
   journal={Pramana},
   publisher={Springer Science and Business Media LLC},
   author={Cirelli, Marco},
   year={2012},
   month={Oct},
   pages={1021-1043}
}

@article{conrad,
author = {Conrad, Jan and Reimer, Olaf},
year = {2017},
month = {03},
pages = {224-231},
title = {Indirect dark matter searches in Gamma- and Cosmic Rays},
volume = {13},
journal = {Nature Physics},
doi = {10.1038/nphys4049}
}

@article{DM_colliders,
author = {Boveia, Antonio and Doglioni, Caterina},
title = {Dark Matter Searches at Colliders},
journal = {Annual Review of Nuclear and Particle Science},
volume = {68},
number = {1},
pages = {429-459},
year = {2018},
doi = {10.1146/annurev-nucl-101917-021008},
URL = {https://doi.org/10.1146/annurev-nucl-101917-021008},
eprint = {https://doi.org/10.1146/annurev-nucl-101917-021008},
}

@article{susy_dm,
    author = "Jungman, Gerard and Kamionkowski, Marc and Griest, Kim",
    archivePrefix = "arXiv",
    doi = "10.1016/0370-1573(95)00058-5",
    eprint = "hep-ph/9506380",
    journal = "Phys.\ Rept.",
    pages = "195--373",
    reportNumber = "SU-4240-605, UCSD-PTH-95-02, IASSNS-HEP-95-14, CU-TP-677",
    title = "{Supersymmetric dark matter}",
    volume = "267",
    year = "1996"
}

@article{beyond_eft,
      author         = "Buchmueller, O. and Dolan, Matthew J. and McCabe,
                        Christopher",
      title          = "{Beyond Effective Field Theory for Dark Matter Searches
                        at the LHC}",
      journal        = "JHEP",
      volume         = "01",
      year           = "2014",
      pages          = "025",
      doi            = "10.1007/JHEP01(2014)025",
      eprint         = "1308.6799",
      archivePrefix  = "arXiv",
      primaryClass   = "hep-ph",
      reportNumber   = "IPPP-13-63, DCPT-13-128",
      SLACcitation   = "%%CITATION = ARXIV:1308.6799;%%"
}

@article{mssm,
   title={The Minimal Supersymmetric Standard Model (MSSM)},
   volume={11},
   ISSN={1793-6632},
   url={http://dx.doi.org/10.1142/S021773239600062X},
   DOI={10.1142/s021773239600062x},
   number={08},
   journal={Modern Physics Letters A},
   publisher={World Scientific Pub Co Pte Lt},
   author={Csaki, Csaba},
   year={1996},
   month={Mar},
   pages={599-613}
}

@article{dm_forum,
   title={Dark Matter benchmark models for early LHC Run-2 Searches: Report of the ATLAS/CMS Dark Matter Forum},
   volume={27},
   ISSN={2212-6864},
   url={http://dx.doi.org/10.1016/j.dark.2019.100371},
   DOI={10.1016/j.dark.2019.100371},
   journal={Physics of the Dark Universe},
   publisher={Elsevier BV},
   author={Abercrombie, Daniel and Akchurin, Nural and Akilli, Ece and Maestre, Juan Alcaraz and Allen, Brandon and Gonzalez, Barbara Alvarez and Andrea, Jeremy and Arbey, Alexandre and Azuelos, Georges and Azzi, Patrizia and et al.},
   year={2020},
   month={Jan},
   pages={100371}
}

@article{dark_higgs,
   title={Hunting the dark Higgs},
   volume={2017},
   ISSN={1029-8479},
   url={http://dx.doi.org/10.1007/JHEP04(2017)143},
   DOI={10.1007/jhep04(2017)143},
   number={4},
   journal={Journal of High Energy Physics},
   publisher={Springer Science and Business Media LLC},
   author={Duerr, Michael and Grohsjean, Alexander and Kahlhoefer, Felix and Penning, Bjoern and Schmidt-Hoberg, Kai and Schwanenberger, Christian},
   year={2017},
   month={Apr}
}

@misc{particle_dm,
    title={An Introduction to Particle Dark Matter},
    author={Stefano Profumo and Leonardo Giani and Oliver F. Piattella},
    year={2019},
    eprint={1910.05610},
    archivePrefix={arXiv},
    primaryClass={hep-ph}
}

@techreport{monohbb_recast,
      title         = "{RECAST framework reinterpretation of an ATLAS Dark Matter
                       Search constraining a model of a dark Higgs boson decaying
                       to two $b$-quarks}",
      institution   = "CERN",
      collaboration = "ATLAS Collaboration",
      address       = "Geneva",
      number        = "ATL-PHYS-PUB-2019-032",
      month         = "Aug",
      year          = "2019",
      reportNumber  = "ATL-PHYS-PUB-2019-032",
      url           = "https://cds.cern.ch/record/2686290",
}

@article{recast,
   title={RECAST - extending the impact of existing analyses},
   volume={2011},
   ISSN={1029-8479},
   url={http://dx.doi.org/10.1007/JHEP04(2011)038},
   DOI={10.1007/jhep04(2011)038},
   number={4},
   journal={Journal of High Energy Physics},
   publisher={Springer Science and Business Media LLC},
   author={Cranmer, Kyle and Yavin, Itay},
   year={2011},
   month={Apr}
}

@techreport{monohbb,
      title         = "{Search for Dark Matter Produced in Association with a
                       Higgs Boson decaying to $b\bar{b}$ at $\sqrt{s}= 13\,$TeV
                       with the ATLAS Detector using 79.8$\,$fb$^{-1}$ of
                       proton-proton collision data}",
      institution   = "CERN",
      collaboration = "ATLAS Collaboration",
      address       = "Geneva",
      number        = "ATLAS-CONF-2018-039",
      month         = "Jul",
      year          = "2018",
      reportNumber  = "ATLAS-CONF-2018-039",
      url           = "https://cds.cern.ch/record/2632344",
}